<?xml version="1.0" encoding="UTF-8"?><record xmlns="http://www.loc.gov/MARC21/slim" xmlns:cinclude="http://apache.org/cocoon/include/1.0" xmlns:zs="http://www.loc.gov/zing/srw/">
  <leader>00316nz  a2200121n  4500</leader>
  <controlfield tag="001">n  97042046 </controlfield>
  <controlfield tag="003">DLC</controlfield>
  <controlfield tag="005">19970422102436.4</controlfield>
  <controlfield tag="008">970422n| acannaab|          |n aaa |||  </controlfield>
  <datafield tag="010" ind1=" " ind2=" ">
    <subfield code="a">n  97042046 </subfield>
  </datafield>
  <datafield tag="040" ind1=" " ind2=" ">
    <subfield code="a">DLC</subfield>
    <subfield code="c">DLC</subfield>
  </datafield>
  <datafield tag="100" ind1="1" ind2="0">
    <subfield code="a">Izzo, Pasqua</subfield>
  </datafield>
  <datafield tag="670" ind1=" " ind2=" ">
    <subfield code="a">Le marinerie adriatiche tra '800 e '900, c1989:</subfield>
    <subfield code="b">t.p. (Pasqua Izzo)</subfield>
  </datafield>
</record>